%% Created using Papers on Thu, 16 Apr 2020.
%% http://papersapp.com/papers/

@article{mazurek2014,
author = {Mazurek, Mark and Kager, Marisa and Van Hooser, Stephen D},
title = {{Robust quantification of orientation selectivity and direction selectivity.}},
journal = {Frontiers in neural circuits},
year = {2014},
volume = {8},
pages = {92}
}

@article{Lehky3568,
author = {Lehky, S R and Sejnowski, T J and Desimone, R},
title = {{Predicting responses of nonlinear neurons in monkey striate cortex to complex patterns}},
journal = {Journal of Neuroscience},
year = {1992},
volume = {12},
number = {9},
pages = {3568--3581}
}

@article{prenger2004,
author = {Prenger, Ryan and Wu, Michael C K and David, Stephen V and Gallant, Jack L},
title = {{Nonlinear V1 responses to natural scenes revealed by neural network analysis}},
journal = {Neural Networks},
year = {2004},
volume = {17},
number = {5},
pages = {663--679}
}

@article{Schoppe:2016id,
author = {Schoppe, Oliver and Harper, Nicol S and Willmore, Ben D B and King, Andrew J and Schnupp, Jan W H},
title = {{Measuring the Performance of Neural Models}},
journal = {Frontiers in computational neuroscience},
year = {2016},
volume = {10},
pages = {1929},
month = feb
}

@article{Yamins:2016hg,
author = {Yamins, Daniel L K and DiCarlo, James J},
title = {{Using goal-driven deep learning models to understand sensory cortex}},
journal = {Nature neuroscience},
year = {2016},
volume = {19},
number = {3},
pages = {356--365},
month = mar
}

@article{lau2002,
author = {Lau, Brian and Stanley, Garrett B and Dan, Yang},
title = {{Computational subunits of visual cortical neurons revealed by artificial neural networks.}},
journal = {Proceedings of the National Academy of Sciences of the United States of America},
year = {2002},
volume = {99},
number = {13},
pages = {8974--8979}
}

@article{Olshausen:1996kc,
author = {Olshausen, B A and Field, D J},
title = {{Emergence of simple-cell receptive field properties by learning a sparse code for natural images.}},
journal = {Nature},
year = {1996},
volume = {381},
number = {6583},
pages = {607--609},
month = jun
}

@article{olshausen2005,
author = {Olshausen, Bruno A and Field, David J},
title = {{How Close Are We to Understanding V1?}},
journal = {Neural Computation},
year = {2005},
volume = {17},
number = {8},
pages = {1665--1699}
}

@article{Ziemba:2016fe,
author = {Ziemba, Corey M and Freeman, Jeremy and Movshon, J Anthony and Simoncelli, Eero P},
title = {{Selectivity and tolerance for visual texture in macaque V2.}},
journal = {Proceedings of the National Academy of Sciences of the United States of America},
year = {2016},
volume = {113},
number = {22},
pages = {E3140--9},
month = may
}

@article{hubel1959,
author = {Hubel, D H and Wiesel, T N},
title = {{Receptive fields of single neurones in the cat's striate cortex.}},
journal = {The Journal of Physiology},
year = {1959},
volume = {148},
number = {3},
pages = {574--591}
}

@article{Bergstra2012,
author = {Bergstra, James and Bengio, Yoshua},
title = {{Random Search for Hyper-Parameter Optimization}},
journal = {Journal of Machine Learning Research},
year = {2012},
volume = {13},
number = {Feb},
pages = {281--305}
}

@article{coen2015,
author = {Coen-Cagli, Ruben and Kohn, Adam and Schwartz, Odelia},
title = {{Flexible gating of contextual influences in natural vision}},
journal = {Nature neuroscience},
year = {2015},
volume = {18},
number = {11},
pages = {1648--1655},
month = nov
}

@article{Yamins:2014gi,
author = {Yamins, Daniel L K and Hong, Ha and Cadieu, Charles F and Solomon, Ethan A and Seibert, Darren and DiCarlo, James J},
title = {{Performance-optimized hierarchical models predict neural responses in higher visual cortex.}},
journal = {Proceedings of the National Academy of Sciences of the United States of America},
year = {2014},
volume = {111},
number = {23},
pages = {8619--8624},
month = jun
}

@article{Willmore2010,
author = {Willmore, Ben D B and Prenger, Ryan J and Gallant, Jack L},
title = {{Neural Representation of Natural Images in Visual Area V2}},
journal = {Journal of Neuroscience},
year = {2010},
volume = {30},
number = {6},
pages = {2102--2114}
}

@article{NIPS2016_6388,
author = {McIntosh, Lane T and Maheswaranathan, Niru and Nayebi, Aran and Ganguli, Surya and Baccus, Stephen A},
title = {{Deep Learning Models of the Retinal Response to Natural Scenes.}},
journal = {Advances In Neural Information Processing Systems},
year = {2016},
volume = {29},
pages = {1369--1377}
}

@proceedings{Krizhevsky:2012wl,
title = {{ImageNet Classification with Deep Convolutional Neural Networks}},
year = {2012},
editor = {Pereira, F C and Burges, C J C and Bottou, L and Weinberger, K Q},
publisher = {Curran Associates, Inc.}
}

@article{10.1371/journal.pcbi.1002250,
author = {Zylberberg, Joel and Murphy, Jason Timothy and DeWeese, Michael Robert},
title = {{A Sparse Coding Model with Synaptically Local Plasticity and Spiking Neurons Can Account for the Diverse Shapes of V1 Simple Cell Receptive Fields}},
journal = {PLoS computational biology},
year = {2011},
volume = {7},
number = {10},
pages = {1--12},
month = oct
}

@article{lecun2015,
author = {LeCun, Yann and Bengio, Yoshua and Hinton, Geoffrey},
title = {{Deep learning}},
journal = {Nature},
year = {2015},
volume = {521},
number = {7553},
pages = {436--444}
}

@article{montijn2016,
author = {Montijn, Jorrit S and Meijer, Guido T and Lansink, Carien S and Pennartz, Cyriel M A},
title = {{Population-Level Neural Codes Are Robust to Single-Neuron Variability from a Multidimensional Coding Perspective}},
journal = {Cell reports},
year = {2016},
volume = {16},
number = {9},
pages = {2486--2498}
}

@article{Simonyan:ws,
author = {Simonyan, K and Zisserman, Andrew},
title = {{Very deep convolutional networks for large-scale image recognition}},
journal = {arxiv.org
},
pages = {arXiv:1409.1556}
}

@article{Willmore:2008fx,
author = {Willmore, Ben and Prenger, Ryan J and Wu, Michael C K and Gallant, Jack L},
title = {{The berkeley wavelet transform: a biologically inspired orthogonal wavelet transform.}},
journal = {Neural Computation},
year = {2008},
volume = {20},
number = {6},
pages = {1537--1564},
month = jun
}

@article{David6991,
author = {David, Stephen V and Vinje, William E and Gallant, Jack L},
title = {{Natural Stimulus Statistics Alter the Receptive Field Structure of V1 Neurons}},
journal = {Journal of Neuroscience},
year = {2004},
volume = {24},
number = {31},
pages = {6991--7006}
}

@article{Vintch:2015iv,
author = {Vintch, Brett and Movshon, J Anthony and Simoncelli, Eero P},
title = {{A Convolutional Subunit Model for Neuronal Responses in Macaque V1.}},
journal = {The Journal of neuroscience : the official journal of the Society for Neuroscience},
year = {2015},
volume = {35},
number = {44},
pages = {14829--14841},
month = nov
}

@inproceedings{Mahendran2015,
author = {Mahendran, Aravindh and Vedaldi, Andrea},
title = {{Understanding deep image representations by inverting them}},
booktitle = {2015 IEEE Conference on Computer Vision and Pattern Recognition (CVPR)},
pages = {5188--5196},
publisher = {IEEE}
}

@article{ozbay2015,
author = {Ozbay, Baris N and Losacco, Justin T and Cormack, Robert and Weir, Richard and Bright, Victor M and Gopinath, Juliet T and Restrepo, Diego and Gibson, Emily A},
title = {{Miniaturized fiber-coupled confocal fluorescence microscope with an electrowetting variable focus lens using no moving parts}},
journal = {Optics Letters},
year = {2015},
volume = {40},
pages = {2553--2556},
month = jun
}

@article{Srivastava:2014ww,
author = {Srivastava, N and Hinton, G and Krizhevsky, Alex and Sutskever, Ilya and Salakhutdinov, Ruslan},
title = {{Dropout: a simple way to prevent neural networks from overfitting}},
journal = {Journal of Machine Learning Research
},
year = {2014},
volume = {15},
pages = {1929--1958},
month = jun
}

@article{10.1371/journal.pcbi.1003182,
author = {Zylberberg, Joel and DeWeese, Michael Robert},
title = {{Sparse Coding Models Can Exhibit Decreasing Sparseness while Learning Sparse Codes for Natural Images}},
journal = {PLoS computational biology},
year = {2013},
volume = {9},
number = {8},
pages = {1--10},
month = aug
}

@article{Cadena:2018ez,
author = {Cadena, Santiago A and Denfield, George H and Walker, Edgar Y and Gatys, Leon A and Tolias, Andreas S and Bethge, Matthias and Ecker, Alexander S},
title = {{Deep convolutional models improve predictions of macaque V1 responses to natural images}},
journal = {bioRxiv},
year = {2018},
pages = {201764},
month = nov
}

