%% Created using Papers on Thu, 16 Apr 2020.
%% http://papersapp.com/papers/

@article{Hodgkin:1952gr,
author = {Hodgkin, A L and Huxley, A F},
title = {{A quantitative description of membrane current and its application to conduction and excitation in nerve.}},
journal = {The Journal of Physiology},
year = {1952},
volume = {117},
number = {4},
pages = {500--544},
month = aug
}

@inproceedings{Bronstein:2011hh,
author = {Bronstein, Jeff M and Tagliati, Michele and Alterman, Ron L and Lozano, Andres M and Volkmann, Jens and Stefani, Alessandro and Horak, Fay B and Okun, Michael S and Foote, Kelly D and Krack, Paul and Pahwa, Rajesh and Henderson, Jaimie M and Hariz, Marwan I and Bakay, Roy A and Rezai, Ali and Marks, William J and Moro, Elena and Vitek, Jerrold L and Weaver, Frances M and Gross, Robert E and DeLong, Mahlon R},
title = {{Deep brain stimulation for Parkinson disease: an expert consensus and review of key issues.}},
booktitle = {Archives of neurology},
year = {2011},
pages = {165--165},
organization = {University of California, Los Angeles, School of Medicine, Department of Neurology, 710 Westwood Plaza, Los Angeles, CA 90095, USA. jbronste@ucla.edu},
publisher = {American Medical Association},
month = feb
}

@article{Arnulf:2000cs,
author = {Arnulf, I and Bejjani, B P and Garma, L and Bonnet, A M and Houeto, J L and Damier, P and Derenne, J P and Agid, Y},
title = {{Improvement of sleep architecture in PD with subthalamic nucleus stimulation.}},
journal = {Neurology},
year = {2000},
volume = {55},
number = {11},
pages = {1732--1734},
month = dec
}

@article{Olshausen:1996kc,
author = {Olshausen, B A and Field, D J},
title = {{Emergence of simple-cell receptive field properties by learning a sparse code for natural images.}},
journal = {Nature},
year = {1996},
volume = {381},
number = {6583},
pages = {607--609},
month = jun
}

@article{Yamins:2016hga,
author = {Yamins, Daniel L K and DiCarlo, James J},
title = {{Using goal-driven deep learning models to understand sensory cortex.}},
journal = {Nature neuroscience},
year = {2016},
volume = {19},
number = {3},
pages = {356--365},
month = mar
}

@article{Ince:2010ds,
author = {Ince, Nuri Firat and Gupte, Akshay and Wichmann, Thomas and Ashe, James and Henry, Thomas and Bebler, Margaret and Eberly, Lynn and Abosch, Aviva},
title = {{Selection of optimal programming contacts based on local field potential recordings from subthalamic nucleus in patients with Parkinson's disease.}},
journal = {Neurosurgery},
year = {2010},
volume = {67},
number = {2},
pages = {390--397},
month = aug
}

@article{Cadieu:2014in,
author = {Cadieu, Charles F and Hong, Ha and Yamins, Daniel L K and Pinto, Nicolas and Ardila, Diego and Solomon, Ethan A and Majaj, Najib J and DiCarlo, James J},
title = {{Deep neural networks rival the representation of primate IT cortex for core visual object recognition.}},
journal = {PLoS computational biology},
year = {2014},
volume = {10},
number = {12},
pages = {e1003963},
month = dec
}

@article{Tishby:it,
author = {Tishby, N and Theory, N Zaslavsky 2015 IEEE Information and {2015}},
title = {{Deep learning and the information bottleneck principle}},
journal = {ieeexplore.ieee.org
}
}

@article{Lindsay:2020cm,
author = {Lindsay, Grace},
title = {{Convolutional Neural Networks as a Model of the Visual System: Past, Present, and Future.}},
journal = {Journal of cognitive neuroscience},
year = {2020},
volume = {39},
pages = {1--15},
month = feb
}

@article{Olshausen:2001we,
author = {Olshausen, B A and Sallee, P and Lewicki, MS},
title = {{Learning sparse image codes using a wavelet pyramid architecture}},
journal = {papers.nips.cc
papers.nips.cc},
year = {2001}
}

@manual{Iber:2007tx,
title = {{The AASM manual for the scoring of sleep and associates events: Rules, Terminology, and technical specifications}},
author = {Iber, C and Ancoli-Israel, S and Chesson, A and Quan, S},
year = {2007}
}

@article{PietroBerkes:2009we,
author = {Pietro Berkes and Ben White and Fiser, J{\'o}zsef},
title = {{No evidence for active sparsification in the visual cortex}},
year = {2009},
pages = {108--116}
}

@article{Lee:uz,
author = {Lee, Honglak and Ekanadham, Chaitanya and Ng, Andrew Y},
title = {{Sparse deep belief net model for visual area V2}},
year = {2008},
pages = {873--880}
}

@article{Raichle:2010bt,
author = {Raichle, Marcus E},
title = {{Two views of brain function}},
journal = {Trends in Cognitive Sciences},
year = {2010},
volume = {14},
number = {4},
pages = {180--190},
month = apr
}

@article{Knowles:vl,
author = {Knowles, EEM and of, AS David American Journal and {2010}},
title = {{Processing speed deficits in schizophrenia: reexamining the evidence}},
journal = {Am Psychiatric Assoc
}
}

@article{Feller:1999kw,
author = {Feller, M B},
title = {{Spontaneous correlated activity in developing neural circuits.}},
journal = {Neuron},
year = {1999},
volume = {22},
number = {4},
pages = {653--656},
month = apr
}

@article{Chung:2018br,
author = {Chung, SueYeon and Lee, Daniel D and Sompolinsky, Haim},
title = {{Classification and Geometry of General Perceptual Manifolds}},
journal = {Physical Review X},
year = {2018},
volume = {8},
number = {3},
pages = {031003},
month = jul
}

@article{Hahnloser:2000cy,
author = {Hahnloser, Richard H R and Sarpeshkar, Rahul and Mahowald, Misha A and Douglas, Rodney J and Seung, H Sebastian},
title = {{Digital selection and analogue amplification coexist in a cortex-inspired silicon circuit}},
journal = {Nature},
year = {2000},
volume = {405},
number = {6789},
pages = {947--951},
month = jun
}

@article{Tishby:2000tq,
author = {Tishby, Naftali and Pereira, Fernando C and Bialek, William},
title = {{The information bottleneck method}},
year = {2000},
month = apr
}

@article{DiCarlo:2012em,
author = {DiCarlo, James J and Zoccolan, Davide and Rust, Nicole C},
title = {{How does the brain solve visual object recognition?}},
journal = {Neuron},
year = {2012},
volume = {73},
number = {3},
pages = {415--434},
month = feb
}

@article{Addis:2011hv,
author = {Addis, Donna Rose and Schacter, Daniel L},
title = {{The hippocampus and imagining the future: where do we stand?}},
journal = {Frontiers in human neuroscience},
year = {2011},
volume = {5},
pages = {173}
}

@article{10.1371/journal.pcbi.1003182,
author = {Zylberberg, Joel and DeWeese, Michael Robert},
title = {{Sparse Coding Models Can Exhibit Decreasing Sparseness while Learning Sparse Codes for Natural Images}},
journal = {PLoS computational biology},
year = {2013},
volume = {9},
number = {8},
pages = {1--10},
month = aug
}

@article{Danker:2010iq,
author = {Danker, Jared F and Anderson, John R},
title = {{The ghosts of brain states past: remembering reactivates the brain regions engaged during encoding.}},
journal = {Psychological bulletin},
year = {2010},
volume = {136},
number = {1},
pages = {87--102},
month = jan
}

@article{Lettvin:el,
author = {Lettvin, J and Maturana, H and McCulloch, W and Pitts, W},
title = {{What the Frog's Eye Tells the Frog's Brain}},
journal = {Proceedings of the IRE},
volume = {47},
number = {11},
pages = {1940--1951}
}

@article{Ganguly:2013bi,
author = {Ganguly, Karunesh and Poo, Mu-Ming},
title = {{Activity-dependent neural plasticity from bench to bedside.}},
journal = {Neuron},
year = {2013},
volume = {80},
number = {3},
pages = {729--741},
month = oct
}

@article{Rosenblatt:1958jc,
author = {Rosenblatt, F},
title = {{The perceptron: a probabilistic model for information storage and organization in the brain.}},
journal = {Psychological review},
year = {1958},
volume = {65},
number = {6},
pages = {386--408},
month = nov
}

@article{Miynarski:2018ga,
author = {M{\l}ynarski, Wiktor F and Hermundstad, Ann M},
title = {{Adaptive coding for dynamic sensory inference.}},
journal = {eLife},
year = {2018},
volume = {7},
pages = {91},
month = jul
}

@article{Moore:2009hl,
author = {Moore, David R and Shannon, Robert V},
title = {{Beyond cochlear implants: awakening the deafened brain.}},
journal = {Nature neuroscience},
year = {2009},
volume = {12},
number = {6},
pages = {686--691},
month = jun
}

@article{Geirhos:2018tl,
author = {Geirhos, Robert and Temme, Carlos R Medina and Rauber, Jonas and Schuett, Heiko H and Bethge, Matthias and Wichmann, Felix A},
title = {{Generalisation in humans and deep neural networks}},
year = {2018},
eprint = {1808.08750},
eprinttype = {arxiv},
month = aug
}

@article{Cisek:2019fc,
author = {Cisek, Paul},
title = {{Resynthesizing behavior through phylogenetic refinement.}},
journal = {Attention, perception {\&} psychophysics},
year = {2019},
volume = {81},
number = {7},
pages = {2265--2287},
month = oct
}

@article{Swaminathan:2012ja,
author = {Swaminathan, Sruthi K and Freedman, David J},
title = {{Preferential encoding of visual categories in parietal cortex compared with prefrontal cortex.}},
journal = {Nature neuroscience},
year = {2012},
volume = {15},
number = {2},
pages = {315--320},
month = jan
}

@article{Buzsaki:2013cp,
author = {Buzs{\'a}ki, Gy{\"o}rgy},
title = {{Cognitive neuroscience: Time, space and memory.}},
journal = {Nature},
year = {2013},
volume = {497},
number = {7451},
pages = {568--569},
month = may
}

@article{Hebb:2014ja,
author = {Hebb, Adam O and Zhang, Jun Jason and Mahoor, Mohammad H and Tsiokos, Christos and Matlack, Charles and Chizeck, Howard Jay and Pouratian, Nader},
title = {{Creating the feedback loop: closed-loop neurostimulation.}},
journal = {Neurosurgery clinics of North America},
year = {2014},
volume = {25},
number = {1},
pages = {187--204},
month = jan
}

@article{Attwell:2001cs,
author = {Attwell, D and Laughlin, S B},
title = {{An energy budget for signaling in the grey matter of the brain.}},
journal = {Journal of cerebral blood flow and metabolism : official journal of the International Society of Cerebral Blood Flow and Metabolism},
year = {2001},
volume = {21},
number = {10},
pages = {1133--1145},
month = oct
}

@article{Freud:2016dj,
author = {Freud, Erez and Plaut, David C and Behrmann, Marlene},
title = {{'What' Is Happening in the Dorsal Visual Pathway.}},
journal = {Trends in Cognitive Sciences},
year = {2016},
volume = {20},
number = {10},
pages = {773--784},
month = oct
}

@article{Collins:2011ja,
author = {Collins, Pamela Y and Patel, Vikram and Joestl, Sarah S and March, Dana and Insel, Thomas R and Daar, Abdallah S and {Scientific Advisory Board and the Executive Committee of the Grand Challenges on Global Mental Health} and Anderson, Warwick and Dhansay, Muhammad A and Phillips, Anthony and Shurin, Susan and Walport, Mark and Ewart, Wendy and Savill, Sir John and Bordin, Isabel A and Costello, E Jane and Durkin, Maureen and Fairburn, Christopher and Glass, Roger I and Hall, Wayne and Huang, Yueqin and Hyman, Steven E and Jamison, Kay and Kaaya, Sylvia and Kapur, Shitij and Kleinman, Arthur and Ogunniyi, Adesola and Otero-Ojeda, Angel and Poo, Mu-Ming and Ravindranath, Vijayalakshmi and Sahakian, Barbara J and Saxena, Shekhar and Singer, Peter A and Stein, Dan J},
title = {{Grand challenges in global mental health.}},
journal = {Nature},
year = {2011},
volume = {475},
number = {7354},
pages = {27--30},
month = jul
}

@article{Paninski:2004jc,
author = {Paninski, Liam and Pillow, Jonathan W and Simoncelli, Eero P},
title = {{Maximum likelihood estimation of a stochastic integrate-and-fire neural encoding model.}},
journal = {Neural Computation},
year = {2004},
volume = {16},
number = {12},
pages = {2533--2561},
month = dec
}

@article{Giuditta:1995gh,
author = {Giuditta, A and Ambrosini, M V and Montagnese, P and Mandile, P and Cotugno, M and Grassi Zucconi, G and Vescia, S},
title = {{The sequential hypothesis of the function of sleep.}},
journal = {Behavioural brain research},
year = {1995},
volume = {69},
number = {1-2},
pages = {157--166},
month = jul
}

@article{PaceSchott:2002bs,
author = {Pace-Schott, Edward F and Hobson, J Allan},
title = {{The neurobiology of sleep: genetics, cellular physiology and subcortical networks.}},
journal = {Nature Reviews Neuroscience},
year = {2002},
volume = {3},
number = {8},
pages = {591--605},
month = aug
}

@article{Abbott:2008be,
author = {Abbott, L F},
title = {{Theoretical neuroscience rising.}},
journal = {Neuron},
year = {2008},
volume = {60},
number = {3},
pages = {489--495},
month = nov
}

@book{McCulloch:1943vq,
author = {McCulloch, W S and Pitts, W},
title = {{A logical calculus of the ideas immanent in nervous activity.}},
year = {1943},
volume = {52}
}

@article{Stevens:2001fx,
author = {Stevens, C F},
title = {{An evolutionary scaling law for the primate visual system and its basis in cortical function.}},
journal = {Nature},
year = {2001},
volume = {411},
number = {6834},
pages = {193--195},
month = may
}

@article{vanStrien:2009gy,
author = {van Strien, N M and Cappaert, N L M and Witter, M P},
title = {{The anatomy of memory: an interactive overview of the parahippocampal-hippocampal network.}},
journal = {Nature Reviews Neuroscience},
year = {2009},
volume = {10},
number = {4},
pages = {272--282},
month = apr
}

@article{Perlmutter:2006kp,
author = {Perlmutter, Joel S and Mink, Jonathan W},
title = {{Deep brain stimulation.}},
journal = {Annual Review of Neuroscience},
year = {2006},
volume = {29},
pages = {229--257}
}

@article{Holtzheimer:2011eq,
author = {Holtzheimer, Paul E and Mayberg, Helen S},
title = {{Deep brain stimulation for psychiatric disorders.}},
journal = {Annual Review of Neuroscience},
year = {2011},
volume = {34},
number = {1},
pages = {289--307}
}

@incollection{Anderson:td,
author = {Anderson, Charles H and Van Essen, David C and Olshausen, Bruno A},
title = {{Directed Visual Attention and the Dynamic Control of Information Flow}},
booktitle = {Neurobiology of Attention},
year = {2005},
pages = {11--17},
publisher = {Elsevier}
}

@article{Palombo:2018ba,
author = {Palombo, D J and Hayes, S M and Peterson, K M and Keane, M M and Verfaellie, M},
title = {{Medial Temporal Lobe Contributions to Episodic Future Thinking: Scene Construction or Future Projection?}},
journal = {Cerebral cortex (New York, N.Y. : 1991)},
year = {2018},
volume = {28},
number = {2},
pages = {447--458},
month = feb
}

@article{Goroshin:2015vc,
author = {Goroshin, Ross and Mathieu, Michael F and LeCun, Yann},
title = {{Learning to Linearize Under Uncertainty}},
year = {2015},
pages = {1234--1242}
}

@article{Painsky:bv,
author = {Painsky, A and Rosset, S and on, M Feder IEEE Transactions and {2017}},
title = {{Large Alphabet Source Coding Using Independent Component Analysis}},
journal = {ieeexplore.ieee.org
}
}

@article{Hamani:2004et,
author = {Hamani, Clement and Saint-Cyr, Jean A and Fraser, Justin and Kaplitt, Michael and Lozano, Andres M},
title = {{The subthalamic nucleus in the context of movement disorders.}},
journal = {Brain : a journal of neurology},
year = {2004},
volume = {127},
number = {Pt 1},
pages = {4--20},
month = jan
}

@incollection{Clarke:1999we,
author = {Clarke, D D and Sokoloff, L},
title = {{Circulation and Energy Metabolism of the Brain}},
booktitle = {Basic Neurochemistry},
year = {1999},
pages = {1183},
publisher = {Lippincott Raven}
}

@article{Cheung:2014ug,
author = {Cheung, Brian and Livezey, Jesse A and Bansal, Arjun K and Olshausen, Bruno A},
title = {{Discovering Hidden Factors of Variation in Deep Networks}},
journal = {arXiv.org},
year = {2014},
eprint = {1412.6583},
eprinttype = {arxiv},
month = dec
}

@article{Kriegeskorte:2015dg,
author = {Kriegeskorte, Nikolaus},
title = {{Deep Neural Networks: A New Framework for Modeling Biological Vision and Brain Information Processing.}},
journal = {Annual review of vision science},
year = {2015},
volume = {1},
number = {1},
pages = {417--446},
month = nov
}

@article{Hong:2016cw,
author = {Hong, Ha and Yamins, Daniel L K and Majaj, Najib J and DiCarlo, James J},
title = {{Explicit information for category-orthogonal object properties increases along the ventral stream.}},
journal = {Nature neuroscience},
year = {2016},
volume = {19},
number = {4},
pages = {613--622},
month = apr
}

@article{Chen:2016cf,
author = {Chen, Jiu and Duan, Xujun and Shu, Hao and Wang, Zan and Long, Zhiliang and Liu, Duan and Liao, Wenxiang and Shi, Yongmei and Chen, Huafu and Zhang, Zhijun},
title = {{Differential contributions of subregions of medial temporal lobe to memory system in amnestic mild cognitive impairment: insights from fMRI study.}},
journal = {Scientific reports},
year = {2016},
volume = {6},
number = {1},
pages = {26148},
month = may
}

@article{Greene:2009gb,
author = {Greene, Michelle R and Oliva, Aude},
title = {{The briefest of glances: the time course of natural scene understanding.}},
journal = {Psychological science},
year = {2009},
volume = {20},
number = {4},
pages = {464--472},
month = apr
}

@article{Tekriwal:2017jj,
author = {Tekriwal, Anand and Kern, Drew S and Tsai, Jean and Ince, Nuri F and Wu, Jianping and Thompson, John A and Abosch, Aviva},
title = {{REM sleep behaviour disorder: prodromal and mechanistic insights for Parkinson's disease.}},
journal = {J Neurol Neurosurg Psychiatry},
year = {2017},
volume = {88},
number = {5},
pages = {445--451},
month = may
}

@article{Felleman:1991tk,
author = {Felleman, D J and Van Essen, D C},
title = {{Distributed hierarchical processing in the primate cerebral cortex.}},
journal = {Cerebral cortex (New York, N.Y. : 1991)},
year = {1991},
volume = {1},
number = {1},
pages = {1--47},
month = jan
}

@article{Humphrey:1998jy,
author = {Humphrey, Allen L and Saul, Alan B and Feidler, Jordan C},
title = {{Strobe Rearing Prevents the Convergence of Inputs With Different Response Timings Onto Area 17 Simple Cells}},
journal = {Journal of Neurophysiology},
year = {1998},
volume = {80},
number = {6},
pages = {3005--3020},
month = dec
}

@article{Dan:1996vk,
author = {Dan, Y and Atick, J J and Reid, R C},
title = {{Efficient coding of natural scenes in the lateral geniculate nucleus: experimental test of a computational theory.}},
journal = {Journal of Neuroscience},
year = {1996},
volume = {16},
number = {10},
pages = {3351--3362},
month = may
}

@article{Kubilius:2018gg,
author = {Kubilius, Jonas and Schrimpf, Martin and Nayebi, Aran and Bear, Daniel and Yamins, Daniel L K and DiCarlo, James J},
title = {{CORnet: Modeling the Neural Mechanisms of Core Object Recognition}},
journal = {bioRxiv},
year = {2018},
pages = {408385},
month = sep
}

@article{Zhang:2016ve,
author = {Zhang, Chiyuan and Bengio, Samy and Hardt, Moritz and Recht, Benjamin and Vinyals, Oriol},
title = {{Understanding deep learning requires rethinking generalization}},
year = {2016},
eprint = {1611.03530},
eprinttype = {arxiv},
month = nov
}

@article{Chen:2006ie,
author = {Chen, Beth L and Hall, David H and Chklovskii, Dmitri B},
title = {{Wiring optimization can relate neuronal structure and function.}},
journal = {Proceedings of the National Academy of Sciences of the United States of America},
year = {2006},
volume = {103},
number = {12},
pages = {4723--4728},
month = mar
}

@article{Iranzo:2002fg,
author = {Iranzo, A and Valldeoriola, F and Santamar{\'\i}a, J and Tolosa, E and Rumi{\`a}, J},
title = {{Sleep symptoms and polysomnographic architecture in advanced Parkinson's disease after chronic bilateral subthalamic stimulation.}},
journal = {J Neurol Neurosurg Psychiatry},
year = {2002},
volume = {72},
number = {5},
pages = {661--664},
month = may
}

@article{Moore:uo,
author = {Moore, D R and neuroscience, RV Shannon Nature and {2009}},
title = {{Beyond cochlear implants: awakening the deafened brain}},
journal = {nature.com
}
}

@article{Atick:1992hj,
author = {Atick, Joseph J and Redlich, A Norman},
title = {{What Does the Retina Know about Natural Scenes?}},
journal = {Neural Computation},
year = {1992},
volume = {4},
number = {2},
pages = {196--210},
month = mar
}

@article{Pillow:2008bo,
author = {Pillow, Jonathan W and Shlens, Jonathon and Paninski, Liam and Sher, Alexander and Litke, Alan M and Chichilnisky, E J and Simoncelli, Eero P},
title = {{Spatio-temporal correlations and visual signalling in a complete neuronal population.}},
journal = {Nature},
year = {2008},
volume = {454},
number = {7207},
pages = {995--999},
month = aug
}

@article{Wei:2013jh,
author = {Wei, Yi and Tsigankov, Dmitry and Koulakov, Alexei},
title = {{The molecular basis for the development of neural maps}},
journal = {Annals of the New York Academy of Sciences},
year = {2013},
volume = {1305},
number = {1},
pages = {44--60},
month = dec
}

@article{Kindel:2019et,
author = {Kindel, William F and Christensen, Elijah D and Zylberberg, Joel},
title = {{Using deep learning to probe the neural code for images in primary visual cortex.}},
journal = {Journal of vision},
year = {2019},
volume = {19},
number = {4},
pages = {29},
month = apr
}

@article{Postuma:2015hn,
author = {Postuma, Ronald B and Berg, Daniela and Stern, Matthew and Poewe, Werner and Olanow, C Warren and Oertel, Wolfgang and Obeso, Jos{\'e} and Marek, Kenneth and Litvan, Irene and Lang, Anthony E and Halliday, Glenda and Goetz, Christopher G and Gasser, Thomas and Dubois, Bruno and Chan, Piu and Bloem, Bastiaan R and Adler, Charles H and Deuschl, G{\"u}nther},
title = {{MDS clinical diagnostic criteria for Parkinson's disease.}},
journal = {Movement disorders : official journal of the Movement Disorder Society},
year = {2015},
volume = {30},
number = {12},
pages = {1591--1601},
month = oct
}

@article{Sereno:2011hq,
author = {Sereno, Anne B and Lehky, Sidney R},
title = {{Population coding of visual space: comparison of spatial representations in dorsal and ventral pathways.}},
journal = {Frontiers in computational neuroscience},
year = {2011},
volume = {4},
pages = {159}
}

@article{Willmore:2011ks,
author = {Willmore, Ben D B and Mazer, James A and Gallant, Jack L},
title = {{Sparse coding in striate and extrastriate visual cortex.}},
journal = {Journal of Neurophysiology},
year = {2011},
volume = {105},
number = {6},
pages = {2907--2919},
month = jun
}

@article{Galletti:2018kq,
author = {Galletti, Claudio and Fattori, Patrizia},
title = {{The dorsal visual stream revisited: Stable circuits or dynamic pathways?}},
journal = {Cortex},
year = {2018},
volume = {98},
pages = {203--217},
month = jan
}

@article{Kriegeskorte:2018kn,
author = {Kriegeskorte, Nikolaus and Douglas, Pamela K},
title = {{Cognitive computational neuroscience}},
journal = {Nature neuroscience},
year = {2018},
volume = {21},
number = {9},
pages = {1148--1160},
month = sep
}

@article{Brewer:2002fs,
author = {Brewer, Alyssa A and Press, William A and Logothetis, Nikos K and Wandell, Brian A},
title = {{Visual Areas in Macaque Cortex Measured Using Functional Magnetic Resonance Imaging}},
journal = {Journal of Neuroscience},
year = {2002},
volume = {22},
number = {23},
pages = {10416--10426},
month = dec
}

@article{Humphrey:1998ds,
author = {Humphrey, Allen L and Saul, Alan B},
title = {{Strobe Rearing Reduces Direction Selectivity in Area 17 by Altering Spatiotemporal Receptive-Field Structure}},
journal = {Journal of Neurophysiology},
year = {1998},
volume = {80},
number = {6},
pages = {2991--3004},
month = dec
}

@article{PietroBerkes:2011ga,
author = {Pietro Berkes and Orb{\'a}n, Gerg{\H o} and Lengyel, M{\'a}t{\'e} and Fiser, J{\'o}zsef},
title = {{Spontaneous Cortical Activity Reveals Hallmarks of an Optimal Internal Model of the Environment}},
journal = {Science (New York, N.Y.)},
year = {2011},
volume = {331},
number = {6013},
pages = {83--87},
month = jan
}

@article{Field:1987ua,
author = {Field, DJ},
title = {{Relations between the statistics of natural images and the response properties of cortical cells}},
journal = {Journal of Optical Society of America},
year = {1987}
}

@article{McFarland:2015jx,
author = {McFarland, James M and Bondy, Adrian G and Saunders, Richard C and Cumming, Bruce G and Butts, Daniel A},
title = {{Saccadic modulation of stimulus processing in primary visual cortex}},
journal = {Nature Communications},
year = {2015},
volume = {6},
number = {1},
pages = {8110},
month = sep
}

@article{DeCock:2011eg,
author = {De Cock, Val{\'e}rie Cochen and Debs, Rachel and Oudiette, Delphine and Leu, Smaranda and Radji, Fatai and Tiberge, Michel and Yu, Huan and Bayard, Sophie and Roze, Emmanuel and Vidailhet, Marie and Dauvilliers, Yves and Rascol, Olivier and Arnulf, Isabelle},
title = {{The improvement of movement and speech during rapid eye movement sleep behaviour disorder in multiple system atrophy.}},
journal = {Brain : a journal of neurology},
year = {2011},
volume = {134},
number = {Pt 3},
pages = {856--862},
month = mar
}

@article{Carandini:2005kw,
author = {Carandini, Matteo and Demb, Jonathan B and Mante, Valerio and Tolhurst, David J and Dan, Yang and Olshausen, Bruno A and Gallant, Jack L and Rust, Nicole C},
title = {{Do We Know What the Early Visual System Does?}},
journal = {Journal of Neuroscience},
year = {2005},
volume = {25},
number = {46},
pages = {10577--10597},
month = nov
}

@article{Nadel:2011bu,
author = {Nadel, Lynn and Hardt, Oliver},
title = {{Update on memory systems and processes.}},
journal = {Neuropsychopharmacology : official publication of the American College of Neuropsychopharmacology},
year = {2011},
volume = {36},
number = {1},
pages = {251--273},
month = jan
}

@article{Reichenberg:2010iu,
author = {Reichenberg, Abraham and Caspi, Avshalom and Harrington, Honalee and Houts, Renate and Keefe, Richard S E and Murray, Robin M and Poulton, Richie and Moffitt, Terrie E},
title = {{Static and dynamic cognitive deficits in childhood preceding adult schizophrenia: a 30-year study.}},
journal = {The American journal of psychiatry},
year = {2010},
volume = {167},
number = {2},
pages = {160--169},
month = feb
}

@booklet{the:vs,
title = {{Two problems with back propagation and other steepest descent learning procedures for networks}},
author = {the, R Sutton Proceedings of the Eighth Annual Conference of and {1986}}
}

@article{Kosslyn:1990dk,
title = {{Components of high-level vision: A cognitive neuroscience analysis and accounts of neurological syndromes}},
journal = {Cognition},
year = {1990},
volume = {34},
number = {3},
pages = {203--277},
month = mar
}

@article{Zador:2019cm,
author = {Zador, Anthony M},
title = {{A Critique of Pure Learning: What Artificial Neural Networks can Learn from Animal Brains}},
journal = {bioRxiv},
year = {2019},
volume = {29},
number = {8},
pages = {582643},
month = mar
}

@article{Rishel:2013ei,
author = {Rishel, Chris A and Huang, Gang and Freedman, David J},
title = {{Independent category and spatial encoding in parietal cortex.}},
journal = {Neuron},
year = {2013},
volume = {77},
number = {5},
pages = {969--979},
month = mar
}

@article{Grill:2009jl,
author = {Grill, Warren M and Norman, Sharon E and Bellamkonda, Ravi V},
title = {{Implanted neural interfaces: biochallenges and engineered solutions.}},
journal = {Annual review of biomedical engineering},
year = {2009},
volume = {11},
number = {1},
pages = {1--24}
}

@article{Olshausen:2006fd,
author = {Olshausen, Bruno A and Field, David J},
title = {{How Close Are We to Understanding V1?}},
journal = {dx.doi.org.proxy.hsl.ucdenver.edu},
year = {2006},
volume = {17},
number = {8},
pages = {1665--1699},
month = mar
}

@article{Clark:2013ch,
author = {Clark, Graeme M and Clark, Jonathan C M and Furness, John B},
title = {{The evolving science of cochlear implants.}},
journal = {JAMA},
year = {2013},
volume = {310},
number = {12},
pages = {1225--1226},
month = sep
}

@article{Lorach:2013ek,
author = {Lorach, Henri and Marre, Olivier and Sahel, Jos{\'e}-Alain and Benosman, Ryad and Picaud, Serge},
title = {{Neural stimulation for visual rehabilitation: advances and challenges.}},
journal = {Journal of physiology, Paris},
year = {2013},
volume = {107},
number = {5},
pages = {421--431},
month = nov
}

@article{Krizhevsky:2009tr,
author = {Krizhevsky, A and Hinton, G},
title = {{Learning multiple layers of features from tiny images}},
year = {2009}
}

@booklet{Hinton:1999ws,
title = {{Unsupervised learning: foundations of neural computation}},
author = {Hinton, G E and Sejnowski, T J and Poggio, T A},
year = {1999}
}

@article{Guclu:2015ec,
author = {G{\"u}{\c c}l{\"u}, Umut and van Gerven, Marcel A J},
title = {{Deep Neural Networks Reveal a Gradient in the Complexity of Neural Representations across the Ventral Stream.}},
journal = {The Journal of neuroscience : the official journal of the Society for Neuroscience},
year = {2015},
volume = {35},
number = {27},
pages = {10005--10014},
month = jul
}

@article{Palmer:2015gx,
author = {Palmer, Stephanie E and Marre, Olivier and Berry, Michael J and Bialek, William},
title = {{Predictive information in a sensory population.}},
journal = {Proceedings of the National Academy of Sciences of the United States of America},
year = {2015},
volume = {112},
number = {22},
pages = {6908--6913},
month = jun
}

@article{Levy:1996ig,
author = {Levy, W B and Baxter, R A},
title = {{Energy efficient neural codes.}},
journal = {Neural Computation},
year = {1996},
volume = {8},
number = {3},
pages = {531--543},
month = apr
}

@article{Abosch:2012gr,
author = {Abosch, Aviva and Lanctin, David and Onaran, Ibrahim and Eberly, Lynn and Spaniol, Maggie and Ince, Nuri Firat},
title = {{Long-term recordings of local field potentials from implanted deep brain stimulation electrodes.}},
journal = {Neurosurgery},
year = {2012},
volume = {71},
number = {4},
pages = {804--814},
month = oct
}

@article{Sharma:2018hc,
author = {Sharma, Vibhash D and Sengupta, Samarpita and Chitnis, Shilpa and Amara, Amy W},
title = {{Deep Brain Stimulation and Sleep-Wake Disturbances in Parkinson Disease: A Review.}},
journal = {Frontiers in neurology},
year = {2018},
volume = {9},
pages = {697}
}

@article{Yamins:2014gi,
author = {Yamins, Daniel L K and Hong, Ha and Cadieu, Charles F and Solomon, Ethan A and Seibert, Darren and DiCarlo, James J},
title = {{Performance-optimized hierarchical models predict neural responses in higher visual cortex.}},
journal = {Proceedings of the National Academy of Sciences of the United States of America},
year = {2014},
volume = {111},
number = {23},
pages = {8619--8624},
month = jun
}

@article{Yildirim:wx,
author = {Yildirim, I and Kulkarni, T D and the, WA Freiwald Proceedings of and {2015}},
title = {{Efficient analysis-by-synthesis in vision: A computational framework, behavioral tests, and comparison with neural representations}},
journal = {pdfs.semanticscholar.org
}
}

@article{Richards:2019bm,
author = {Richards, Blake A and Lillicrap, Timothy P and Beaudoin, Philippe and Bengio, Yoshua and Bogacz, Rafal and Christensen, Amelia and Clopath, Claudia and Costa, Rui Ponte and de Berker, Archy and Ganguli, Surya and Gillon, Colleen J and Hafner, Danijar and Kepecs, Adam and Kriegeskorte, Nikolaus and Latham, Peter and Lindsay, Grace W and Miller, Kenneth D and Naud, Richard and Pack, Christopher C and Poirazi, Panayiota and Roelfsema, Pieter and Sacramento, Jo{\~a}o and Saxe, Andrew and Scellier, Benjamin and Schapiro, Anna C and Senn, Walter and Wayne, Greg and Yamins, Daniel and Zenke, Friedemann and Zylberberg, Joel and Therien, Denis and Kording, Konrad P},
title = {{A deep learning framework for neuroscience}},
journal = {Nature neuroscience},
year = {2019},
volume = {22},
number = {11},
pages = {1761--1770},
month = oct
}



@article{Hariz:2008bf,
author = {Hariz, Marwan I and Rehncrona, Stig and Quinn, Niall P and Speelman, Johannes D and Wensing, Carin and {Multicentre Advanced Parkinson's Disease Deep Brain Stimulation Group}},
title = {{Multicenter study on deep brain stimulation in Parkinson's disease: an independent assessment of reported adverse events at 4 years.}},
journal = {Movement disorders : official journal of the Movement Disorder Society},
year = {2008},
volume = {23},
number = {3},
pages = {416--421},
month = feb
}

@article{Koenig:1991cj,
title = {{Mental imagery and dyslexia: A deficit in processing multipart visual objects?}},
journal = {Brain and Language},
year = {1991},
volume = {41},
number = {3},
pages = {381--394},
month = oct
}

@article{OConnor:2013et,
author = {O'Connor, Peter and Neil, Daniel and Liu, Shih-Chii and Delbruck, Tobi and Pfeiffer, Michael},
title = {{Real-time classification and sensor fusion with a spiking deep belief network.}},
journal = {Frontiers in neuroscience},
year = {2013},
volume = {7},
pages = {178}
}

@article{Li:2009hz,
author = {Li, Nuo and Cox, David D and Zoccolan, Davide and DiCarlo, James J},
title = {{What response properties do individual neurons need to underlie position and clutter "invariant" object recognition?}},
journal = {Journal of Neurophysiology},
year = {2009},
volume = {102},
number = {1},
pages = {360--376},
month = jul
}

@article{Fukushima:1980fq,
author = {Fukushima, K},
title = {{Neocognitron: a self organizing neural network model for a mechanism of pattern recognition unaffected by shift in position.}},
journal = {Biological cybernetics},
year = {1980},
volume = {36},
number = {4},
pages = {193--202}
}

@article{Metz:2018wb,
author = {Metz, Luke and Maheswaranathan, Niru and Cheung, Brian and Sohl-Dickstein, Jascha},
title = {{Learning Unsupervised Learning Rules}},
year = {2018},
eprint = {1804.00222},
eprinttype = {arxiv},
month = mar
}

@article{Goh:wi,
author = {Goh, Hanlin and Thome, Nicolas and Cord, Matthieu},
title = {{Biasing Restricted Boltzmann Machines to Manipulate Latent Selectivity and Sparsity}},
journal = {hal.upmc.fr
},
year = {2010},
month = dec
}

@article{Rozell:ew,
author = {Rozell, C and Johnson, D and Processing, R Baraniuk and ICIP, 2007 and {2007}},
title = {{Locally competitive algorithms for sparse approximation}},
journal = {ieeexplore.ieee.org
}
}

@article{Brager:2016gp,
author = {Brager, Allison J and Yang, Tao and Ehlen, J Christopher and Simon, Roger P and Meller, Robert and Paul, Ketema N},
title = {{Sleep Is Critical for Remote Preconditioning-Induced Neuroprotection.}},
journal = {Sleep},
year = {2016},
volume = {39},
number = {11},
pages = {2033--2040},
month = nov
}

@article{Chaudhuri:2006ga,
author = {Chaudhuri, K Ray and Healy, Daniel G and Schapira, Anthony H V and {National Institute for Clinical Excellence}},
title = {{Non-motor symptoms of Parkinson's disease: diagnosis and management.}},
journal = {The Lancet. Neurology},
year = {2006},
volume = {5},
number = {3},
pages = {235--245},
month = mar
}

@article{Qian:1999bm,
author = {Qian, Ning},
title = {{On the momentum term in gradient descent learning algorithms.}},
journal = {Neural networks : the official journal of the International Neural Network Society},
year = {1999},
volume = {12},
number = {1},
pages = {145--151},
month = jan
}

@article{Shapero:2014jb,
author = {Shapero, Samuel and Zhu, Mengchen and Hasler, Jennifer and Rozell, Christopher},
title = {{Optimal sparse approximation with integrate and fire neurons.}},
journal = {International journal of neural systems},
year = {2014},
volume = {24},
number = {5},
pages = {1440001},
month = aug
}

@article{deCharms:2003in,
author = {deCharms, R Christopher and Zador, Anthony},
title = {{Neural Representation and the Cortical Code}},
journal = {dx.doi.org.proxy.hsl.ucdenver.edu},
year = {2003},
volume = {23},
number = {1},
pages = {613--647},
month = nov
}

@article{Xiao:2017wj,
author = {Xiao, Han and Rasul, Kashif and Vollgraf, Roland},
title = {{Fashion-MNIST: a Novel Image Dataset for Benchmarking Machine Learning Algorithms}},
year = {2017},
eprint = {1708.07747},
eprinttype = {arxiv},
month = aug
}

@article{Kell:2018bc,
author = {Kell, Alexander J E and Yamins, Daniel L K and Shook, Erica N and Norman-Haignere, Sam V and McDermott, Josh H},
title = {{A Task-Optimized Neural Network Replicates Human Auditory Behavior, Predicts Brain Responses, and Reveals a Cortical Processing Hierarchy.}},
journal = {Neuron},
year = {2018},
volume = {98},
number = {3},
pages = {630--644.e16},
month = may
}

@article{Howarth:2012fi,
author = {Howarth, Clare and Gleeson, Padraig and Attwell, David},
title = {{Updated energy budgets for neural computation in the neocortex and cerebellum.}},
journal = {Journal of cerebral blood flow and metabolism : official journal of the International Society of Cerebral Blood Flow and Metabolism},
year = {2012},
volume = {32},
number = {7},
pages = {1222--1232},
month = jul
}

@article{Bruce:2009fi,
author = {Bruce, Susan and Muhammad, Zayyad},
title = {{The Development of Object Permanence in Children with Intellectual Disability, Physical Disability, Autism, and Blindness}},
journal = {International Journal of Disability, Development and Education},
year = {2009},
volume = {56},
number = {3},
pages = {229--246},
month = oct
}

@article{Hassan:2015kv,
author = {Hassan, Bassem A and Hiesinger, P Robin},
title = {{Beyond Molecular Codes: Simple Rules to Wire Complex Brains.}},
journal = {Cell},
year = {2015},
volume = {163},
number = {2},
pages = {285--291},
month = oct
}

@article{Marr:1976we,
author = {Marr, D and Poggio, T},
title = {{From understanding computation to understanding neural circuitry}},
year = {1976}
}

@article{Cheng:2004dn,
author = {Cheng, Alicia and Eysel, Ulf T and Vidyasagar, Trichur R},
title = {{The role of the magnocellular pathway in serial deployment of visual attention}},
journal = {European Journal of Neuroscience},
year = {2004},
volume = {20},
number = {8},
pages = {2188--2192},
month = oct
}

@article{Giuditta:1995gha,
author = {Giuditta, A and Ambrosini, M V and Montagnese, P and Mandile, P and Cotugno, M and Grassi Zucconi, G and Vescia, S},
title = {{The sequential hypothesis of the function of sleep.}},
journal = {Behavioural brain research},
year = {1995},
volume = {69},
number = {1-2},
pages = {157--166},
month = jul
}

@article{LuckeWold:2015br,
author = {Lucke-Wold, Brandon P and Smith, Kelly E and Nguyen, Linda and Turner, Ryan C and Logsdon, Aric F and Jackson, Garrett J and Huber, Jason D and Rosen, Charles L and Miller, Diane B},
title = {{Sleep disruption and the sequelae associated with traumatic brain injury.}},
journal = {Neuroscience and biobehavioral reviews},
year = {2015},
volume = {55},
pages = {68--77},
month = aug
}

@article{King:2013jp,
author = {King, Paul D and Zylberberg, Joel and DeWeese, Michael R},
title = {{Inhibitory interneurons decorrelate excitatory cells to drive sparse code formation in a spiking model of V1.}},
journal = {The Journal of neuroscience : the official journal of the Society for Neuroscience},
year = {2013},
volume = {33},
number = {13},
pages = {5475--5485},
month = mar
}

@article{Kay:2018cw,
author = {Kay, Kendrick N},
title = {{Principles for models of neural information processing.}},
journal = {NeuroImage},
year = {2018},
volume = {180},
number = {Pt A},
pages = {101--109},
month = oct
}

@article{Rumelhart:1986er,
author = {Rumelhart, David E and Hinton, Geoffrey E and Williams, Ronald J},
title = {{Learning representations by back-propagating errors}},
journal = {Nature},
year = {1986},
volume = {323},
number = {6088},
pages = {533--536},
month = oct
}

@article{Christensen:2019ik,
author = {Christensen, Elijah and Abosch, Aviva and Thompson, John A and Zylberberg, Joel},
title = {{Inferring sleep stage from local field potentials recorded in the subthalamic nucleus of Parkinson's patients.}},
journal = {Journal of sleep research},
year = {2019},
volume = {28},
number = {4},
pages = {e12806},
month = aug
}

